
@book{james_introduction_2013,
	address = {New York},
	series = {Springer texts in statistics},
	title = {An introduction to statistical learning: with applications in {R}},
	isbn = {978-1-4614-7137-0},
	shorttitle = {An introduction to statistical learning},
	number = {103},
	publisher = {Springer},
	editor = {James, Gareth and Witten, Daniela and Hastie, Trevor and Tibshirani, Robert},
	year = {2013},
	keywords = {Mathematical models, Mathematical statistics, R (Computer program language), Statistics, etc, exercises, Problems},
	annote = {Includes index}
}

@book{moro_data-driven_2014,
	title = {A {Data}-{Driven} {Approach} to {Predict} the {Success} of {Bank} {Telemarketing}. {Decision} {Support} {Systems}},
	url = {https://archive.ics.uci.edu/ml/datasets/Bank+Marketing},
	publisher = {Elsevier},
	author = {Moro, S. and Laureano, R. and Cortez, P.},
	year = {2014}
}

@inproceedings{al_using_2011,
	address = {Guimaraes, Portugal},
	title = {Using {Data} {Mining} for {Bank} {Direct} {Marketing}: {An} {Application} of the {CRISP}-{DM} {Methodology}},
	booktitle = {Proceedings of the {European} {Simulation} and {Modelling} {Conference} - {ESM}'2011},
	publisher = {EUROSIS},
	author = {Moro, S. and Laureano, R. and Cortez, P.},
	editor = {al, P. Novais et},
	month = oct,
	year = {2011},
	pages = {117--121}
}

@article{harris_suburban_2003,
	title = {The {Suburban} {Origins} of {Redlining}: {A} {Canadian} {Case} {Study}, 1935-54},
	volume = {40},
	issn = {0042-0980, 1360-063X},
	shorttitle = {The {Suburban} {Origins} of {Redlining}},
	url = {http://journals.sagepub.com/doi/10.1080/0042098032000146830},
	doi = {10.1080/0042098032000146830},
	language = {en},
	number = {13},
	urldate = {2020-04-30},
	journal = {Urban Studies},
	author = {Harris, Richard and Forrester, Doris},
	month = dec,
	year = {2003},
	pages = {2661--2686}
}

@book{hastie_elements_2009,
	address = {New York, NY},
	edition = {2nd ed},
	series = {Springer series in statistics},
	title = {The {Elements} of {Statistical} {Learning}: {Data} {Mining}, {Inference}, and {Prediction}},
	isbn = {978-0-387-84857-0 978-0-387-84858-7},
	shorttitle = {The {Elements} of {Statistical} {Learning}},
	publisher = {Springer},
	author = {Hastie, Trevor and Tibshirani, Robert and Friedman, J. H.},
	year = {2009},
	keywords = {Statistics, Bioinformatics, Computational intelligence, Data mining, Forecasting, Inference, Machine learning, Methodology}
}